@book{linuxProgInterface2010,
  title={The Linux Programming Interface},
  author={Michael Kerrisk},
 isbn={1593272200},
 year={2010},
  publisher={No Starch Press}
},

@book{windowsInternals,
  title={Windows Internals},
  author={David A. Solomon and Mark E. Russinovich},
  isbn={0735665877},
  series={Developer Reference},
  url={https://www.microsoftpressstore.com/articles/article.aspx?p=2233328&seqNum=7},
  year={2009},
  publisher={Microsoft Press}
},

@MISC{FreeBSD,
	HOWPUBLISHED = "\url{https://www.freebsd.org/doc/en/books/design-44bsd/overview-process-management.html}",
	AUTHOR = {Marshall Kirk McKusick and Keith Bostic and Michael J. Karels and John S. Quarterman},
	TITLE = {FreeBSD.org},
	YEAR = {1996},
	NOTE = {Accessed on 16-04-2018}
},

@book{FreeBSDDesign,
	title={The Design and Implementation of the FreeBSD Operating System},
	author ={Marshall Kirk McKusick and George V.Neville Neil and Robert N.M. Watson},
	isbn={0201702452},
	url={http://ptgmedia.pearsoncmg.com/images/9780321968975/samplepages/9780321968975.pdf},
	year={2004},
	publisher={Addison-Wesley Professional}
},

@MISC{LinuxPage,
        HOWPUBLISHED = "\url{https://www.kernel.org/doc/html/v4.12/core-api/kernel-api.html}",
        TITLE = {Kernel.org},
        YEAR = {2018},
        NOTE = {Accessed on 5-03-2018}
},

@book{Love_book, place={Upper Saddle River}, edition={3}, title={Linux kernel development}, publisher={Addison-Wesley}, author={Love, Robert}, year={2015}},

@misc{linux_documentation,
author = {},
title = {Linux Kernel API},
howpublished = {\url{https://kernel.readthedocs.io/en/sphinx-samples/kernel-api.html?highlight=kmalloc}},
month = {},
year = {},
note = {(Accessed on 06/10/2018}
},
